<?xml version="1.0" encoding="UTF-8"?><record xmlns="http://www.loc.gov/MARC21/slim" xmlns:cinclude="http://apache.org/cocoon/include/1.0" xmlns:zs="http://www.loc.gov/zing/srw/">
  <leader>00376nz  a2200133n  4500</leader>
  <controlfield tag="001">no2001036052</controlfield>
  <controlfield tag="003">DLC</controlfield>
  <controlfield tag="005">20010505071024.0</controlfield>
  <controlfield tag="008">010504n| acannaab           |n aaa     c</controlfield>
  <datafield tag="010" ind1=" " ind2=" ">
    <subfield code="a">no2001036052</subfield>
  </datafield>
  <datafield tag="035" ind1=" " ind2=" ">
    <subfield code="a">(OCoLC)oca05480325</subfield>
  </datafield>
  <datafield tag="040" ind1=" " ind2=" ">
    <subfield code="a">TxU-Mu</subfield>
    <subfield code="b">eng</subfield>
    <subfield code="c">TxU-Mu</subfield>
  </datafield>
  <datafield tag="100" ind1="1" ind2=" ">
    <subfield code="a">Russo, Ana Paula</subfield>
  </datafield>
  <datafield tag="670" ind1=" " ind2=" ">
    <subfield code="a">Portugal, M.A. da F. Le donne cambiate [SR] p2000:</subfield>
    <subfield code="b">(Ana Paula Russo; singer)</subfield>
  </datafield>
</record>